@article{zongshu,
  title={An overview of gradient descent optimization algorithms},
  author={Ruder, Sebastian},
  journal={arXiv preprint arXiv:1609.04747},
  year={2016}
}

@article{sgd,
  title={A stochastic approximation method},
  author={Robbins, Herbert and Monro, Sutton},
  journal={The annals of mathematical statistics},
  pages={400--407},
  year={1951},
  publisher={JSTOR}
}

@article{momentum,
  title={On the momentum term in gradient descent learning algorithms},
  author={Qian, Ning},
  journal={Neural networks},
  volume={12},
  number={1},
  pages={145--151},
  year={1999},
  publisher={Elsevier}
}

@inproceedings{nagsgd,
  title={A method for unconstrained convex minimization problem with the rate of convergence O (1/k\^{} 2)},
  author={Nesterov, Yurii},
  booktitle={Doklady an ussr},
  volume={269},
  pages={543--547},
  year={1983}
}

@article{adagrad,
  title={Adaptive subgradient methods for online learning and stochastic optimization.},
  author={Duchi, John and Hazan, Elad and Singer, Yoram},
  journal={Journal of machine learning research},
  volume={12},
  number={7},
  year={2011}
}

@article{adadelta,
  title={Adadelta: an adaptive learning rate method},
  author={Zeiler, Matthew D},
  journal={arXiv preprint arXiv:1212.5701},
  year={2012}
}

@article{adam,
  title={Adam: A method for stochastic optimization},
  author={Kingma, Diederik P and Ba, Jimmy},
  journal={arXiv preprint arXiv:1412.6980},
  year={2014}
}

@article{nadam,
  title={Incorporating nesterov momentum into adam},
  author={Dozat, Timothy},
  year={2016}
}

@article{fashionmnist,
  title={Fashion-mnist: a novel image dataset for benchmarking machine learning algorithms},
  author={Xiao, Han and Rasul, Kashif and Vollgraf, Roland},
  journal={arXiv preprint arXiv:1708.07747},
  year={2017}
}

@article{d2l,
  title={Dive into deep learning},
  author={Zhang, Aston and Lipton, Zachary C and Li, Mu and Smola, Alexander J},
  journal={arXiv preprint arXiv:2106.11342},
  year={2021}
}